@article{zzCT2015,
  title={使用Github实现高效的团队协作开发},
  author={张智 and 郑卉 and 蒋依伶 and 袁欢欢 and 郑明清},
  journal={电脑知识与技术：学术版},
  number={3},
  pages={3},
  year={2015},
}


@book{ztr2013hd,
  title={蝴蝶效应之谜 : 走近分形与混沌 : Mystery of the butterfly effect : fractals and chaos},
  author={张天蓉},
  publisher={蝴蝶效应之谜 : 走近分形与混沌 : Mystery of the butterfly effect : fractals and chaos},
  year={2013},
}
